%%%%%%%%%%%%%%%%%%%%%%%%%%%%
%%%  visualization bibliography  %%%
%%%%%%%%%%%%%%%%%%%%%%%%%%%%


%\bibitem{Harris2013} Harris, S., and Seaborne, A. SPARQL 1.1 Query Language. W3C Recommendation, 21 March 2013. url: http://www.w3.org/TR/sparql11-query/



@inproceedings{ThomasSteiner2012,
  added-at = {2012-09-27T06:40:15.000+0200},
  address = {Boston, USA},
  author = {Thomas Steiner, Stefan Mirea},
  biburl = {http://www.bibsonomy.org/bibtex/2615766158f3fb54be6189904d3c275b3/jamshaid},
  booktitle = {Proceedings of the 1st International Workshop on Knowledge Extraction	\& Consolidation from Social Media in conjunction with the 11th International	Semantic Web Conference (ISWC 2012)},
  interhash = {bba2e335a32d08e7081a6e687e485dce},
  intrahash = {615766158f3fb54be6189904d3c275b3},
  keywords = {developing ontology},
  month = {12 November},
  pages = {7-12},
  publisher = {CEUR-WS.org},
  series = {CEUR Workshop Proceedings},
  timestamp = {2012-09-27T06:40:15.000+0200}
  }
  
@inproceedings {Shneiderman99,
  author = {Shneiderman, B},
  title = {{The Eyes Have It: A Task by Data Type Taxonomy for Information Visualizations.}},
  booktitle = {IEEE Symposium on Visual Languages '96, IEEE, Los Alamos, CA (September 1996)},
  pages = {336--343},
  year = {1996}
}

@misc{Harris2013,
  author = {Harris, S. and Seaborne, A},
  title = {{A. SPARQL 1.1 Query Language.}},
  editor ={W3C Recommendation,21 March 2013},
  url= {http://www.w3.org/TR/sparql11-query/},
  year = {2013}
}
