%%%%%%%%%%%%%%%%%%%%%%%%%%%%%%%%%
%%%  ESWC 2014 Poster biblio  %%%
%%%%%%%%%%%%%%%%%%%%%%%%%%%%%%%%%

@inproceedings{ThomasSteiner2012,
  author    = {Thomas Steiner and Stefan Mirea},
  title     = {{SEKI@home or Crowdsourcing an Open Knowledge Graph}},
  booktitle = {1$^{st}$ International Workshop on Knowledge Extraction \& Consolidation from Social Media (KECSM'12)},
  year      = 2012,
  address   = {Boston, USA},
}

@inproceedings {Shneiderman99,
  author    = {Ben Shneiderman},
  title     = {{The Eyes Have It: A Task by Data Type Taxonomy for Information Visualizations}},
  booktitle = {IEEE Symposium on Visual Languages},
  pages     = {336--343},
  year      = {1996}
}

@misc{Bergman2012,
  author    = {Mike Bergman},
  title     = {{Deconstructing the Google Knowledge Graph}},
  howpublished = {\\\url{http://www.mkbergman.com/1009/deconstructing-the-google-knowledge-graph}},
}

@inproceedings{pietriga2006,
  author    = {Emmanuel Pietriga and Christian Bizer and David Karger and Ryan Lee},
  title     = {{Fresnel: A Browser-Independent Presentation Vocabulary for RDF}},
  year      = {2006},
  booktitle = {5$^{th}$ International Semantic Web Conference (ISWC'06)},
  pages     = {158--171}
}
